<?xml version="1.0" encoding="UTF-8"?><record xmlns="http://www.loc.gov/MARC21/slim" xmlns:cinclude="http://apache.org/cocoon/include/1.0" xmlns:zs="http://www.loc.gov/zing/srw/">
  <leader>01303cz  a2200301n  4500</leader>
  <controlfield tag="001">nr 93006887 </controlfield>
  <controlfield tag="003">DLC</controlfield>
  <controlfield tag="005">20150705122611.0</controlfield>
  <controlfield tag="008">930225n| azannaabn          |a aaa     c</controlfield>
  <datafield tag="010" ind1=" " ind2=" ">
    <subfield code="a">nr 93006887 </subfield>
  </datafield>
  <datafield tag="035" ind1=" " ind2=" ">
    <subfield code="a">(OCoLC)oca03336165</subfield>
  </datafield>
  <datafield tag="040" ind1=" " ind2=" ">
    <subfield code="a">NjP</subfield>
    <subfield code="b">eng</subfield>
    <subfield code="e">rda</subfield>
    <subfield code="c">NjP</subfield>
    <subfield code="d">TxU</subfield>
    <subfield code="d">DLC</subfield>
    <subfield code="d">OCoLC</subfield>
    <subfield code="d">NmU</subfield>
    <subfield code="d">TNJ</subfield>
    <subfield code="d">NmU</subfield>
    <subfield code="d">OCoLC</subfield>
    <subfield code="d">CSt</subfield>
    <subfield code="d">DLC</subfield>
    <subfield code="d">WaU</subfield>
  </datafield>
  <datafield tag="046" ind1=" " ind2=" ">
    <subfield code="f">19441127</subfield>
  </datafield>
  <datafield tag="053" ind1=" " ind2="0">
    <subfield code="a">PQ8180.13.A834</subfield>
  </datafield>
  <datafield tag="100" ind1="1" ind2=" ">
    <subfield code="a">Castellanos, Gabriela</subfield>
  </datafield>
  <datafield tag="375" ind1=" " ind2=" ">
    <subfield code="a">female</subfield>
  </datafield>
  <datafield tag="377" ind1=" " ind2=" ">
    <subfield code="a">eng</subfield>
  </datafield>
  <datafield tag="378" ind1=" " ind2=" ">
    <subfield code="q">Castellanos Llanos</subfield>
  </datafield>
  <datafield tag="400" ind1="1" ind2=" ">
    <subfield code="a">Castellanos, Gabriela</subfield>
    <subfield code="q">(Castellanos Llanos)</subfield>
  </datafield>
  <datafield tag="400" ind1="1" ind2=" ">
    <subfield code="a">Castellanos Ll., Gabriela</subfield>
    <subfield code="q">(Castellanos Llanos)</subfield>
  </datafield>
  <datafield tag="400" ind1="1" ind2=" ">
    <subfield code="a">Castellanos Llanos, Gabriela</subfield>
  </datafield>
  <datafield tag="400" ind1="1" ind2=" ">
    <subfield code="a">Llanos, Gabriela Castellanos</subfield>
  </datafield>
  <datafield tag="670" ind1=" " ind2=" ">
    <subfield code="a">Her PorqueĚ somos el segundo sexo? 1991:</subfield>
    <subfield code="b">t.p. (Gabriela Castellanos) cover p. 4 (b. in Cuba, educated in U.S., works in Colombia; poet, theologian, literary critic)</subfield>
  </datafield>
  <datafield tag="670" ind1=" " ind2=" ">
    <subfield code="a">Her Laughter, war, and feminism, 1994:</subfield>
    <subfield code="b">CIP t.p. (Gabriela Castellanos) data sheet (b. 11-27-44)</subfield>
  </datafield>
  <datafield tag="670" ind1=" " ind2=" ">
    <subfield code="a">Her Enjambre, 1992:</subfield>
    <subfield code="b">t.p. (Gabriela Castellanos)</subfield>
  </datafield>
  <datafield tag="670" ind1=" " ind2=" ">
    <subfield code="a">Matilde Espinosa, 2002:</subfield>
    <subfield code="b">t.p. (Gabriela Castellanos Llanos)</subfield>
  </datafield>
  <datafield tag="670" ind1=" " ind2=" ">
    <subfield code="a">Mujer que escribe y el perro que baila, [2004] :</subfield>
    <subfield code="b">(Gabriella Castellanos Llanos)</subfield>
  </datafield>
  <datafield tag="670" ind1=" " ind2=" ">
    <subfield code="a">Las guerras de Alejandra, 2005:</subfield>
    <subfield code="b">t.p. (Gabriela Castellanos Ll.)</subfield>
  </datafield>
</record>